<mx:record xmlns="http://www.w3.org/TR/xhtml1/strict" xmlns:mx="http://www.loc.gov/MARC21/slim" xmlns:xsi="http://www.w3.org/2001/XMLSchema-instance"><mx:leader>00000cz   2200000n  4500</mx:leader><mx:controlfield tag="001">oca03282736 </mx:controlfield><mx:controlfield tag="005">20020924033224.0</mx:controlfield><mx:controlfield tag="008">921207n| acannaab           |a ana      </mx:controlfield><mx:datafield ind1=" " ind2=" " tag="010"><mx:subfield code="a">n  92116825 </mx:subfield></mx:datafield><mx:datafield ind1=" " ind2=" " tag="040"><mx:subfield code="a">DLC</mx:subfield><mx:subfield code="c">DLC</mx:subfield><mx:subfield code="d">UPB</mx:subfield><mx:subfield code="d">UPB</mx:subfield></mx:datafield><mx:datafield ind1=" " ind2="0" tag="130"><mx:subfield code="a">Consolatio ad Liviam</mx:subfield></mx:datafield><mx:datafield ind1=" " ind2="0" tag="430"><mx:subfield code="a">Ad Liviam de morte Drusi</mx:subfield></mx:datafield><mx:datafield ind1=" " ind2="0" tag="430"><mx:subfield code="a">Epicedium Drusi</mx:subfield></mx:datafield><mx:datafield ind1=" " ind2="0" tag="430"><mx:subfield code="a">Epicedion Drusi</mx:subfield></mx:datafield><mx:datafield ind1="0" ind2=" " tag="400"><mx:subfield code="a">Ovid,</mx:subfield><mx:subfield code="d">43 B.C.-17 or 18 A.D.</mx:subfield><mx:subfield code="t">Consolatio ad Liviam</mx:subfield></mx:datafield><mx:datafield ind1=" " ind2=" " tag="670"><mx:subfield code="a">The Pseudo-Ovidian Ad Liviam de morte Drusi (Consolatio ad Liviam, Epicedium Drusi), c1992.</mx:subfield></mx:datafield><mx:datafield ind1=" " ind2=" " tag="670"><mx:subfield code="a">Oxford classical dictionary</mx:subfield><mx:subfield code="b">(Consolatio ad Liviam; Epicedion Drusi)</mx:subfield></mx:datafield></mx:record>